@article{cuccaro2004adder,
  title={A new quantum ripple-carry addition circuit},
  author={Cuccaro, Steven A and Draper, Thomas G and Kutin, Samuel A and Moulton, David Petrie},
  journal={arXiv preprint quant-ph/0410184},
  year={2004}
}

@article{draper2004lookaheadadder,
  Author = {Thomas G. Draper and Samuel A. Kutin and Eric M. Rains and Krysta M. Svore},
  Title = {A logarithmic-depth quantum carry-lookahead adder},
  Year = {2004},
  Eprint = {arXiv:quant-ph/0406142},
  Howpublished = {Quant. Inf. Comp. Vol. 6, No. 4-5, pp. 351-369 (2006)},
  journal={Quant. Inf. Comp. Vol. 6, No. 4-5, pp. 351-369 (2006)},
}

@article{gossett1998carrysave,
  title={Quantum carry-save arithmetic},
  author={Gossett, Phil},
  journal={arXiv preprint quant-ph/9808061},
  year={1998}
}

@misc{shirriff2020reverseengineer8008,
  title = {Reverse-engineering the carry-lookahead circuit in the Intel 8008 processor},
  author={Ken Shirriff},
  howpublished = {\url{http://www.righto.com/2020/11/reverse-engineering-carry-lookahead.html}},
  note = {Accessed: Nov 17, 2020}
}

@article{bravyi2005magicstate,
  title={Universal quantum computation with ideal Clifford gates and noisy ancillas},
  author={Bravyi, Sergey and Kitaev, Alexei},
  journal={Physical Review A},
  volume={71},
  number={2},
  pages={022316},
  year={2005},
  publisher={APS}
}

@article{gidney2019catalyzed,
  title={Efficient magic state factories with a catalyzed $|CCZ\rangle$ to $2|T\rangle$ transformation},
  author={Gidney, Craig and Fowler, Austin G},
  journal={Quantum},
  volume={3},
  pages={135},
  year={2019},
  publisher={Verein zur F{\"o}rderung des Open Access Publizierens in den Quantenwissenschaften}
}

@article{litinski2019magicnotcostly,
  title={Magic state distillation: Not as costly as you think},
  author={Litinski, Daniel},
  journal={Quantum},
  volume={3},
  pages={205},
  year={2019},
  publisher={Verein zur F{\"o}rderung des Open Access Publizierens in den Quantenwissenschaften}
}

@article{gidney2019autoccz,
  title={Flexible layout of surface code computations using AutoCCZ states},
  author={Gidney, Craig and Fowler, Austin G},
  journal={arXiv preprint arXiv:1905.08916},
  year={2019}
}

@article{gidney2018halving,
  title={Halving the cost of quantum addition},
  author={Gidney, Craig},
  journal={Quantum},
  volume={2},
  pages={74},
  year={2018},
  publisher={Verein zur F{\"o}rderung des Open Access Publizierens in den Quantenwissenschaften}
}

@article{fowler2012timeoptimal,
  title={Time-optimal quantum computation},
  author={Fowler, Austin G},
  journal={arXiv preprint arXiv:1210.4626},
  year={2012}
}

@article{lee2020hypercontractionchemistry,
  title={Even more efficient quantum computations of chemistry through tensor hypercontraction},
  author={Lee, Joonho and Berry, Dominic and Gidney, Craig and Huggins, William J and McClean, Jarrod R and Wiebe, Nathan and Babbush, Ryan},
  journal={arXiv preprint arXiv:2011.03494},
  year={2020}
}

@article{brent1982adder,
  title={A regular layout for parallel adders},
  author={Brent, Richard P and Kung, Hsiang T},
  journal={IEEE transactions on Computers},
  volume={3},
  pages={260--264},
  year={1982},
  publisher={IEEE}
}

@article{kogge1973adder,
  title={A parallel algorithm for the efficient solution of a general class of recurrence equations},
  author={Kogge, Peter M and Stone, Harold S},
  journal={IEEE transactions on computers},
  volume={100},
  number={8},
  pages={786--793},
  year={1973},
  publisher={IEEE}
}
